
@article{dummy-source,
	author = {John Doe},
	title = {Dummy Title},
	journaltitle = {Dummy Journal},
	date = {15.08.17},
}
